2456 2891
1137 165 1174 216 ¹7

271 291 434 347 σπιλάς
471 303 516 335 v-
560 287 834 337 Schneider.
874 287 936 333 ad
967 289 1203 347 Theophr.
1246 290 1298 333 T.
1331 286 1412 333 lv.
1446 289 1549 332 122.
1590 288 1804 348 στοιχοές,
1846 290 2055 350 φοιβάς.

265 355 310 398 Α
337 354 469 412 puris
499 352 745 408 utriusque
777 349 957 426 ἆδςιοές,
985 350 1163 407 ἑστιάς,
1193 349 1394 410 μανιάς,
1426 348 1632 404 σποδιάς,
1663 348 1879 405 βουνιάς,
1908 351 2058 406 ἡλιάς,

267 412 477 469 κλισιάς,
507 410 695 472 ὃργιοές,
725 410 907 468 πεδιας,
952 410 1241 472 ὀροδεμνιοές.
1302 411 1346 455 Α
1377 412 1519 455 tertia
1557 409 1727 471 δρυάς,
1768 409 1940 467 κυνάς,
1978 429 2059 458 πο·

267 474 398 531 λιάς,
416 472 580 535 ῥωγάς,
609 485 641 527 a
655 472 844 515 neutris
859 471 996 525 λιπάς
1026 473 1153 533 ὄρνις
1183 473 1211 527 ἡ
1239 470 1434 527 λιπώδης
1464 471 1656 528 Gregor.
1679 471 1739 514 de
1757 470 1970 514 Method.
1994 472 2059 514 Π.

265 550 314 593 p.
349 537 486 587 1126.
517 540 566 577 et
597 535 732 575 1137.
764 533 815 575 Τ.
832 532 941 576 VII.
963 534 1025 575 Ῥ.
1044 534 1109 577 11.
1140 531 1298 590 κυμάς
1323 532 1351 586 ἡ
1374 533 1542 587 ἐ’-γκυος
1567 532 1683 575 Hes.
1708 531 1902 592 κεράδες
1932 527 2062 588 ἆιγες

269 589 366 642 καῖ
383 594 475 647 ὅὶὲςς
502 590 684 654 κέρατα
710 592 904 651 ἔχουσαι
930 590 1273 650 Aristophanes
1308 590 1521 634 Gramm.
1553 603 1626 649 ap.
1658 592 1789 634 Eust.
1826 594 1960 644 1625,
1981 594 2061 634 42.

271 664 319 699 et
354 654 496 706 λεπάς
535 666 722 709 quoque
750 653 971 695 nonnulli
1012 667 1041 696 a
1073 660 1242 696 neutro
1275 651 1563 695 declinatum
1594 658 1780 708 putant.
1843 651 1940 695 Sed
1970 651 2063 694 hoc

265 716 369 774 J‘am
403 714 465 759 ad
497 712 689 758 tertium
723 725 873 770 genus
905 714 1130 771 pertinet.

398 776 437 833 §.
472 777 515 818 3.
577 775 768 817 Etenim
802 775 1104 817 substantiva
1144 786 1332 831 quoque
1375 785 1405 830 a
1444 773 1755 824 substantivis
1786 784 2062 831 propagan-

273 846 350 883 tur
381 836 576 896 (vul.)
607 835 951 891 significatlone
987 835 1214 891 pleraque
1247 833 1430 877 eadem,
1495 832 1640 888 CuJ‘us
1671 834 1857 890 generis
1890 832 2062 877 Gram-

271 898 438 943 matici
469 897 562 940 tria
599 896 850 953 proferunt
879 899 1026 942 Μαῖα
1061 894 1253 952 Manis,
1298 893 1455 942 πέλεια
1485 893 1690 951 πελειάς,
1731 895 1902 957 ἔθειρα
1931 895 2061 941 ἔθει-

272 959 367 1022 ράς
391 958 545 1001 Schol.
561 957 632 999 --11.
665 957 794 1000 XXI.
825 960 930 999 493.
963 958 1095 1000 Eust.
1125 960 1260 1009 1799,
1292 959 1366 999 26.
1398 956 1568 1012 quibus
1601 956 1899 999 simillimum
1933 956 2063 998 foret

273 1018 466 1082 παρειάς
512 1019 553 1062 si
595 1016 751 1066 'modo
802 1018 918 1060 satis
964 1023 1189 1061 testatum
1238 1023 1364 1059 esset
1414 1029 1458 1059 v.
1509 1015 1747 1059 Wellauer
1789 1015 1853 1059 ad
1881 1014 2061 1073 'ApolL

272 1082 356 1124 lv.
391 1084 494 1122 172.
557 1076 654 1134 Sed
683 1077 993 1130 inveniuntur
1024 1079 1174 1124 multo
1198 1078 1337 1132 plura
1367 1075 1495 1134 ἆμνὴ
1525 1076 1704 1134 ἀμνάς,
1748 1075 1857 1136 δέρη
1890 1075 2060 1136 δειράς,

274 1138 388 1198 ζυγὴ
417 1136 578 1195 ζυγάς,
611 1135 730 1192 οὐλή7
756 1136 898 1190 οὐλάς
929 1137 1101 1193 (pera)
1133 1134 1218 1196 ῥθῆ
1247 1133 1398 1194 ῥθιᾶς,
1427 1135 1546 1195 ῥανῆ
1573 1136 1741 1194 ῥανᾶς,
1771 1135 1887 1190 smmi
1916 1135 2063 1190 ὗννᾶς

231 1208 242 1218 ”
273 1203 392 1245 Hes.
455 1198 589 1241 Haec
621 1203 733 1239 sunt
763 1199 945 1252 primae
978 1196 1333 1245 declinationis3
1381 1195 1617 1238 secundae
1650 1195 1922 1257 ἀνδειράδες
1945 1214 2061 1257 upa·

275 1261 378 1311 σιαί
412 1257 589 1305 Anecd.
614 1257 770 1303 Bekk.
802 1259 906 1301 394.
948 1270 1069 1314 quae
1101 1255 1243 1313 vulgo
1282 1253 1466 1316 ἄνδηρα
1503 1262 1758 1309 vocantur,
1814 1254 1971 1318 ἑρινᾶς
2010 1262 2060 1300 et

276 1321 408 1374 οἰνάς
436 1333 523 1378 pro
555 1317 739 1380 ἐρινεός,
772 1315 918 1372 οἶνος,
950 1319 1109 1374 posita
1140 1330 1169 1359 a
1190 1315 1465 1370 Nicandro,
1495 1318 1569 1359 cui
1600 1316 1808 1372 Scaliger
1840 1319 1956 1360 scite
1988 1316 2061 1362 ἰοὲ-

278 1384 352 1437 δες
380 1382 589 1426 restituit
616 1378 668 1422 id
702 1386 773 1423 est
802 1380 868 1435 ἴα,
898 1376 1077 1431 κυκλάς
1107 1375 1318 1438 ἀρκάδος
1343 1380 1486 1432 κυνῆς
1515 1375 1735 1434 Sophocl.
1765 1390 1852 1435 pro
1885 1376 2061 1431 κύκλος

275 1444 372 1487 nisi
403 1443 492 1487 hoc
523 1442 678 1497 ipsum
713 1440 923 1495 scripsit,
988 1437 1152 1491 σπιλάς
1182 1440 1366 1493 saepius
1396 1450 1483 1494 pro
1513 1438 1697 1496 σπίλος,
1758 1437 1940 1499 συρμάς
1970 1451 2057 1494 pro

277 1492 474 1565 συρμός,
512 1499 664 1578 ,ὀρχάς
693 1498 898 1557 αἱμασιά
928 1498 1042 1542 Hes.
1073 1511 1160 1554 pro
1189 1498 1328 1557 ὄρχος
1357 1510 1539 1572 saepes,
1570 1506 1624 1541 ut
1656 1497 1857 1541 videtur.
1921 1497 2059 1541 ldem

130 1581 136 1588 ‘
214 1595 224 1598 -
275 1563 477 1622 Αιγάδες
514 1578 664 1619 αιγες,
723 1558 908 1612 Συάδες
944 1560 1003 1606 αἱ
1027 1558 1131 1614 σύες
1167 1561 1595 1618 ἐσχηματισμενως,
1655 1557 1842 1617 Χειμάς
1863 1557 2059 1618 χειμών.

277 1626 372 1669 Sed
391 1626 566 1668 falsum
588 1623 736 1665 refert
757 1621 1072 1664 Schneiderus
1094 1623 1361 1677 Oppianum
1383 1619 1531 1680 ἑρμάς
1555 1620 1799 1677 scripsisse
1817 1633 1905 1676 pro
1922 1619 2061 1680 ἕρμα.

402 1686 444 1745 §.
468 1687 520 1728 4.
581 1682 690 1726 Jam
712 1680 774 1725 ad
805 1682 1006 1725 alterum
1039 1694 1189 1738 genus
1215 1679 1636 1734 substantivorum,
1670 1694 1791 1737 quae
1824 1694 1928 1724 cum
1959 1680 2061 1723 for-

276 1761 357 1792 ma
387 1745 778 1803 significationem
799 1749 1012 1795 mutant,
1043 1756 1239 1799 pergere
1269 1747 1581 1799 properantes
1616 1743 1826 1784 retinent
1859 1741 2063 1785 difficul-

276 1814 400 1853 tates
430 1806 608 1857 variae,
643 1816 759 1861 quas
782 1803 935 1846 adhuc
955 1802 1014 1845 de
1046 1802 1296 1853 industria,
1328 1815 1389 1844 ne
1416 1801 1891 1854 sermo-incideretur,
1922 1813 2063 1858 prae-

192 1870 197 1873 ’
277 1868 475 1913 tervecti
516 1878 691 1908 sumus.
755 1864 917 1907 Prima
954 1863 1112 1920 posita
1153 1868 1225 1905 est
1265 1862 1317 1904 in
1357 1861 1666 1917 ambiguitate
1709 1861 2077 1918 originationis,

279 1929 338 1974 de
366 1942 459 1987 qua
485 1927 586 1983 jam
615 1931 771 1978 antea,
805 1937 949 1982 quum
982 1923 1196 1968 verbalia
1223 1936 1565 1980 percurrerem,
1589 1923 1763 1967 iterum
1790 1924 2063 1981 iterumque

279 1990 522 2035 admonui.
585 1986 854 2042 Thyiadum
889 1998 1090 2038 nomen,
1138 1984 1265 2041 quod
1298 1984 1558 2027 Pausanias
1589 1984 1649 2027 X.
1683 1987 1726 2036 6,
1760 1989 1802 2027 2.
1845 1984 2063 2039 a‘Thyia

277 2052 560 2106 translatum
593 2054 743 2106 putat,
776 2046 897 2091 nihil
928 2046 1077 2091 refert
1106 2053 1264 2091 utrum
1299 2044 1357 2088 ab
1392 2045 1682 2114 appellatixjo
1714 2044 1839 2092 θηνία
1868 2052 2064 2103 repetas

279 2137 342 2169 an
377 2129 430 2168 ut
459 2120 566 2171 EM.
592 2122 707 2176 457,
736 2120 807 2172 19.
840 2116 969 2180 παρά
997 2116 1052 2164 τὸ
1092 2115 1200 2163 θύω
1229 2116 1503 2178 πλεονασμῷ
1527 2121 1619 2165 τοῦ
1642 2136 1681 2173 ι,
1727 2117 1808 2174 qui
1838 2116 2062 2176 pleonas-

277 2198 384 2229 mus
414 2185 466 2225 in
495 2181 673 2225 aeolico
705 2180 830 2225 θυίω
862 2186 1059 2237 apparet
1091 2185 1139 2219 et
1181 2191 1209 2220 a
1239 2178 1495 2221 Dindorfio
1541 2178 1827 2221 transfertur
1871 2178 1935 2221 ad
1974 2197 2064 2225 πα·

278 2242 520 2308 ραφυάδες
556 2241 609 2284 in
638 2238 865 2284 Nicandri
907 2239 1184 2282 hexametro
1216 2237 1389 2280 Athen.
1421 2237 1485 2281 II.
1522 2240 1593 2284 71.
1625 2238 1684 2281 D.
1726 2250 1821 2295 quo
1858 2239 2063 2284 minime

220 2341 223 2345 .
280 2320 399 2363 opus
432 2316 536 2347 esse
569 2300 779 2345 ostendit
809 2301 980 2345 similis
1012 2311 1236 2343 mensura
1267 2298 1401 2342 verbi
1435 2297 1683 2360 διαφύεται
1712 2299 1764 2342 in
1783 2299 2064 2344 Eratosthe-

279 2369 356 2411 nis
387 2378 529 2411 versu
553 2362 612 2407 V.
643 2364 749 2406 182.
778 2361 837 2405 D.
876 2359 1069 2425 Ἁνσσάς
1107 2359 1381 2405 verbalibus
1422 2360 1626 2406 adscribi
1652 2366 1814 2418 potest
1854 2374 1976 2419 quae
2006 2361 2061 2405 in
