2376 2891
153 641 157 645 .
199 583 345 669 Qui
387 609 626 672 principes
673 609 828 664 graeci
875 608 1114 652 sermonis
1150 606 1530 666 morphologiam
1577 608 1779 652 condere
1825 609 1987 652 conati

199 679 341 723 sunt,
370 670 453 714 Ph.
490 664 725 714 Cattierus
756 682 820 713 an
852 669 958 726 quis
989 669 1110 713 alius
1143 668 1485 727 Gazophylacii
1517 676 1703 721 auctor,
1737 676 1785 712 et
1815 668 1987 714 Gram-

118 742 125 746 ’
200 732 403 775 maticac
421 730 697 774 Marchicae
730 731 1072 788 compoSitores
1099 731 1143 786 ι)
1186 730 1228 774 si
1259 730 1625 802 reviviscerent,
1673 730 1794 774 alias
1824 729 1986 774 litera-

200 798 346 840 turae
366 798 527 861 partes
558 790 825 847 insignibus
863 790 1171 834 incrementis
1204 798 1389 843 auctas,
1436 791 1571 834 illam
1602 792 1655 834 in
1687 790 1857 835 eodem
1890 791 1987 835 fer-

198 863 278 895 me
311 865 406 909 quo
423 850 759 908 destituerunt
788 850 991 907 vestigio
1014 849 1453 909 deprehenderent.
1484 850 1606 894 Nam
1637 864 1794 924 neque
1826 864 1988 895 exem-

197 912 388 970 plorum
420 913 576 956 omnis
619 911 756 969 copia
788 918 837 954 et
881 911 1089 961 varietas
1128 911 1190 955 ad
1237 910 1521 956 intuendum
1563 913 1784 970 exposita
1824 918 1899 956 est
1937 919 1989 956 et

198 981 332 1018 tenet
361 973 528 1018 eadem
552 986 683 1031 quae
714 972 830 1017 olim
847 972 1100 1030 tripartita
1132 971 1322 1025 divisio,
1356 986 1451 1030 qua
1480 972 1654 1026 verba,
1704 974 1905 1017 nomina
1935 980 1988 1016 et

198 1034 429 1079 adverbia
459 1036 528 1079 ita
567 1023 861 1078 divelluntur
905 1039 961 1076 ut
1005 1047 1127 1091 quae
1166 1032 1242 1079 his
1287 1034 1415 1077 inter
1457 1047 1509 1078 se
1551 1041 1663 1078 sunt
1712 1035 1988 1080 communia

198 1095 436 1140 elementa
473 1095 665 1153 penitus
687 1092 1000 1142 delitescant.
1062 1092 1213 1147 Quem
1256 1094 1478 1151 equidem
1520 1095 1738 1139 ordinem
1781 1091 1986 1153 sequen-

199 1155 311 1200 dum
343 1163 508 1225 putem
537 1162 587 1198 et
618 1167 713 1212 qua
744 1153 804 1199 de
832 1166 988 1206 causa,
1021 1155 1117 1198 alio
1149 1155 1255 1199 loco
1283 1167 1552 1212 exponam
1583 1169 1709 1200 nunc
1738 1163 1847 1201 utar
1877 1162 1989 1201 tan-

198 1230 340 1274 quam
389 1229 662 1287 concesso-
661 1214 724 1259 ad
780 1213 1114 1273 explicandam
1165 1216 1497 1272 quaestionem
1547 1215 1608 1259 de
1651 1216 1990 1288 vicissitudine

196 1287 588 1333 terminationum
626 1303 678 1336 ας
711 1285 918 1345 (ades)
925 1292 973 1329 et
1002 1302 1047 1335 ις
1078 1284 1250 1345 (edos)
1285 1299 1544 1344 eorumque
1575 1288 1790 1331 transitu
1821 1288 1876 1331 in
1903 1303 1984 1337 ιας

196 1365 245 1402 et
275 1375 349 1416 ηις
382 1366 429 1401 et
455 1365 559 1401 cum
591 1358 842 1416 paragogis
873 1352 1145 1401 verbalibus
1169 1347 1305 1415 αζω,
1355 1359 1471 1410 ιζω,
1520 1360 1644 1411 ιαζω
1677 1366 1764 1402 etc.
1809 1372 1983 1417 cogna-

195 1421 343 1464 tione.
407 1417 563 1472 Quum
596 1432 711 1462 vero
757 1424 891 1461 tanta
926 1418 989 1461 sit
1027 1412 1363 1490 exemplorum
1395 1418 1533 1476 copia
1576 1425 1630 1461 ut
1668 1420 1763 1462 nisi
1800 1421 1983 1477 partita

195 1488 243 1524 et
276 1479 530 1525 distributa
561 1478 840 1538 perlustrari
872 1485 1136 1536 nequeant,
1200 1476 1474 1535 partitionis
1515 1485 1675 1523 autem
1706 1481 1839 1523 ratio
1881 1495 1982 1525 una

156 1547 161 1549 ’
194 1549 436 1600 suppetat,
486 1555 547 1584 ex
579 1541 775 1596 erynnis,
823 1539 993 1597 quibus
1020 1539 1208 1597 singula
1240 1538 1525 1594 adhaerent,
1573 1540 1847 1586 universam
1880 1548 1982 1588 tur-

192 1604 304 1649 bam
336 1604 388 1647 in
420 1608 494 1645 tot
523 1602 694 1645 classes
728 1600 992 1658 describam
1029 1609 1155 1659 quot
1175 1608 1287 1644 sunt
1316 1602 1547 1644 orationis
1578 1608 1740 1659 partes
1773 1602 1837 1646 ad
1865 1615 1979 1661 pro-

189 1662 463 1723 pagandum
495 1662 704 1714 habiles,
768 1676 822 1705 ac
847 1662 895 1704 si
927 1661 1042 1718 quid
1072 1663 1356 1705 inter-curret
1388 1661 1621 1719 ambigui,
1683 1676 1741 1707 eo
1771 1666 1980 1722 ponetur

192 1727 296 1783 loco
327 1725 401 1770 cui
433 1729 515 1767 aut
546 1723 772 1767 maxime
786 1719 1042 1767 convenire
1074 1729 1157 1767 aut
1187 1723 1387 1766 minime
1408 1721 1740 1767 disconvenire
1771 1724 1978 1770 videtur.

312 1784 353 1845 ᾧ.
378 1787 430 1828 1.
493 1783 567 1827 Ab
602 1783 1044 1829 indeclinabilibus
1065 1784 1159 1827 duo
1195 1791 1533 1841 processerunt
1569 1781 1716 1840 διχοῖς
1755 1792 1805 1828 et
1847 1784 1975 1841 εὕοὶς,

192 1862 314 1907 quae
342 1847 383 1891 si
417 1846 524 1914 quis
556 1857 583 1888 a
610 1845 784 1889 futuris
816 1845 975 1904 potius
1008 1845 1075 1890 sic
1106 1852 1159 1888 ut
1190 1851 1377 1889 veteres
1410 1843 1543 1895 ἐλπίς
1580 1845 1660 1889 ab
1674 1843 1853 1900 ἐλπίζω
1888 1855 1975 1893 etc.

191 1909 362 1954 Parall.
399 1908 501 1950 122.
521 1906 817 1950 arcessenda
847 1914 984 1963 putet
1015 1901 1062 1951 et
1094 1907 1315 1951 similiter
1343 1905 1497 1966 ψεκᾶς
1539 1920 1567 1950 a
1597 1905 1828 1964 ψεκάσω,
1873 1924 1975 1954 στι-

115 2019 118 2021 ,
188 1969 287 2027 βάς
319 1983 346 2013 a
380 1967 636 2023 στοιβοὶσω
669 1967 774 2010 ΕΜ.
818 1968 1041 2011 ostendat
1078 1975 1267 2024 oportet
1307 1983 1388 2011 cur
1419 1968 1770 2012 circumfluente
1802 1970 1974 2015 verbo-

187 2046 294 2076 rum
325 2027 600 2084 hujusmodi
640 2028 777 2085 copia
819 2033 916 2071 tam
942 2031 1106 2087 'pauca
1134 2029 1434 2090 reperiantur
1465 2041 1587 2086 quae
1627 2029 1690 2074 ab
1721 2029 1811 2092 hoc
1838 2033 1974 2089 prin-

313 2225 358 2272 1)
386 2222 438 2264 T.
463 2223 755 2268 1.411—442.
790 2222 1213 2271 edit.Huelsemanni
1240 2226 1308 2274 qui
1335 2222 1442 2263 libro
1469 2222 1692 2262 utilissimo
1719 2225 1789 2264 ad
1793 2226 1874 2265 ecit
1900 2229 1971 2268 ad-

186 2275 442 2314 notationum
467 2287 632 2313 suarum
664 2275 824 2323 pondus
850 2277 977 2314 iners
1027 2268 1135 2313 Huic
1169 2274 1318 2314 similis
1353 2275 1391 2314 J.
1420 2274 1466 2313 Β.
1495 2272 1656 2312 Gauius
1689 2240 1920 2316 libellum
1906 2280 1969 2328 io·

186 2325 365 2365 cuiatem
392 2325 519 2364 edidit
562 2325 742 2364 Essais
788 2336 874 2363 sur
916 2324 1109 2371 l’effet,
1152 2324 1198 2363 le
1232 2337 1408 2374 sens,
1405 2324 1471 2363 la
1503 2315 1682 2387 valenr
1711 2326 1798 2368 des
1837 2326 1967 2368 (1όεί-

186 2386 374 2416 nences
400 2384 650 2427 grecques
677 2382 751 2415 etc
792 2375 887 2415 Par.
916 2379 1027 2416 1808.
1067 2416 1074 2419 ,
1199 2427 1225 2455 *
