2329 2860
1223 151 1264 202 4

354 275 478 333 cipio
511 272 664 332 repeti
696 271 895 331 possint,
929 271 1111 329 nullum
1137 274 1266 332 quod
1291 287 1483 320 necesse
1512 274 1594 328 sit;
1622 286 1734 319 nam
1765 289 1822 319 eo
1856 278 1983 335 quod
2015 278 2142 336 apud

351 335 563 392 Hesych.
594 335 768 390 legitur
812 332 1059 383 Θυσιάδες
1100 333 1274 379 ἔνθεοι
1317 340 1383 370 --’-
1429 335 1551 380 adeo
1592 349 1689 378 non
1731 343 1839 380 utar
1872 338 1934 382 ad
1976 338 2161 384 defen-v

352 396 561 447 dendam
590 395 832 452 vulgatam
875 395 1155 454 scripturam
1197 397 1422 442 Philostr.
1465 397 1640 454 Imagg.
1673 396 1736 441 11.
1771 399 1852 452 19,
1884 402 1988 446 826.
2031 396 2142 459 ρῖον

350 457 539 507 θυσίας
571 457 700 516 (sic)
735 455 978 514 ἀρθεῖσα,
1041 464 1095 500 ut
1136 458 1225 502 hoc
1259 457 1520 503 secundum
1563 457 1836 503 Jacobsium
1878 459 1932 503 in
1973 458 2143 515 θυιᾶς,

353 519 475 564 illud
506 520 560 563 in
591 516 783 566 θυστάς
816 517 1097 562 mutandum
1133 519 1349 580 arbitrer.
1410 543 1499 556 ---
1533 518 1686 564 Multo
1718 520 1856 577 plura
1892 533 1953 564 ex
1985 521 2146 566 verbis

353 581 632 633 exuberant,
650 580 826 637 partim
843 580 978 637 puris
996 580 1062 635 (Ι.
1086 583 1132 636 ⁸)
1173 579 1294 630 Ψιάς
1310 579 1408 624 ἀπὸ
1426 583 1519 624 τοῦ
1538 579 1643 638 ψίω
1664 580 1818 627 Schol.
1838 576 2034 625 Theocr.
2053 581 2090 624 Ι.
2104 584 2146 625 1.

353 641 483 698 quod
517 654 662 698 quum
705 639 982 683 Eustathius
1018 642 1161 693 1071,
1207 644 1249 684 3.
1292 639 1509 700 ἄρῤητον
1545 640 1680 699 ῥῆμα
1719 648 1934 694 vocaret,
1988 641 2143 686 solum

351 703 560 746 fortasse
594 700 825 758 praesens.
848 701 1104 757 spectavit,
1147 701 1319 755 πτυάς,
1359 701 1470 754 Υοίς,
1505 701 1671 750 πλωοίς
1704 697 1775 736 ἶ-
1799 716 1850 746 ·a
1881 715 1980 745 non
2013 704 2144 759 puris

352 763 461 821 (II)
500 763 712 819 βοσκάς,
752 760 893 817 ἰσχάς
928 773 1126 814 ancora,
1174 760 1385 820 μαινάς,
1427 760 1641 820 μυλλοῒς,
1687 769 1734 805 et
1766 776 1888 820 quae
1921 760 2144 808 Philoxe-

284 874 297 877 μ
352 837 446 868 nus
477 824 581 868 ΕΜ.
615 825 722 876 818,
752 825 828 866 48.
862 836 965 866 cum
999 821 1124 881 ψιάς
1156 825 1415 882 componit,
1447 821 1578 871 ἰλλοίς
1605 830 1653 866 et
1684 822 1966 883 λαμπάςή.
2029 824 2145 868 Pro-

353 885 496 929 ducta
528 897 650 943 quae
682 890 809 938 sunt,
840 882 904 928 ad
936 884 1152 928 nativam
1188 884 1470 929 brevitatem
1503 883 1742 929 reciduntz
1775 883 1942 943 λιβᾶς,
1974 884 2141 944 νἰφᾰς,

353 946 543 1005 φυγάς,
576 943 783 1003 τριβοίς,
827 945 1041 1002 φθινάς,
1080 944 1209 988 unde
1242 947 1400 1002 colligi
1431 952 1591 1002 potest
1619 944 1763 994 amois
1794 946 1983 1004 quoque
1987 946 2146 1004 ⁴quod

352 1021 428 1065 ap.
460 1006 670 1062 Hesych.
701 1006 874 1064 legitur
909 1013 957 1048 et
984 1004 1141 1064 ψινοίς
1183 1020 1276 1065 quo
1308 1005 1665 1064 Theophrastus
1705 1006 1877 1060 utitur,
1932 1007 2149 1066 priorem·

352 1068 532 1112 habere
579 1068 795 1118 brevem,
853 1079 1009 1123 neque
1055 1073 1183 1109 recte
1232 1066 1449 1124 φθεινοίς
1494 1065 1636 1110 scribi
1677 1063 1825 1124 Hipp.
1874 1066 1934 1123 de
1971 1066 2142 1117 Gland.

350 1142 397 1186 p.
430 1132 535 1171 500.
568 1126 619 1171 Τ.
654 1127 691 1170 1.
756 1125 891 1170 Idem
923 1127 978 1169 fit
1010 1127 1234 1184 consonis
1265 1126 1487 1170 asciticiis
1521 1120 1698 1179 κοπείς,
1730 1124 1909 1179 τυπείς,
1949 1125 2143 1186 δρυφᾶς
2203 1166 2206 1169 Α

351 1190 644 1244 κατάξυσμα
678 1186 795 1230 Hes.
820 1187 915 1229 nisi
947 1194 1161 1244 praestat
1178 1187 1267 1229 hoc
1283 1187 1360 1230 vel
1378 1186 1437 1230 ad
1469 1184 1651 1244 δρύφω
1683 1186 1864 1230 referre
1882 1187 1959 1231 vel
1978 1187 2039 1232 ad
2058 1201 2143 1231 no-

352 1263 481 1297 men.
543 1248 710 1306 Neque
741 1248 898 1291 solum
940 1246 1156 1303 syllabae
1196 1247 1474 1306 principalis
1506 1248 1802 1291 incrementa
1838 1255 2026 1292 cessant
2057 1249 2143 1293 sed
2182 1256 2194 1258 “

351 1311 498 1355 etiam
532 1311 572 1354 si
611 1308 727 1367 quid
759 1309 1053 1353 extrinsecus
1087 1309 1290 1353 accrevit
1320 1306 1466 1365 ἰσχάς
1505 1309 1682 1365 carica,
1715 1307 1900 1368 πηγάς,
1942 1309 2142 1368 πληγάς,

349 1371 528 1432 μιγάς,
575 1368 822 1428 ἄμαρτάς,
866 1382 960 1427 quo
994 1365 1263 1413 mirabilius
1294 1375 1369 1413 est
1397 1366 1654 1429 γεραιράς,
1697 1366 2040 1414 ιιιιίοωηἺΙΙιιᾶ
2068 1385 2142 1415 re-

350 1432 515 1477 tentae
555 1444 823 1490 paragogae
871 1431 1171 1488 exemplum,
1235 1431 1340 1473 sive
1387 1431 1455 1474 sic
1501 1429 1724 1473 scribitur
1765 1431 1871 1474 sive
1914 1430 2140 1490 γεραράς.

354 1493 488 1547 Quae
519 1506 635 1536 vero
668 1493 857 1548 epsilon'
883 1492 936 1533 in
968 1492 1116 1547 stirpe
1134 1490 1314 1533 habent
1342 1491 1474 1547 (III)
1514 1491 1714 1534 nomina
1743 1504 1841 1534 non
1874 1504 1935 1534 ex
1967 1505 2017 1539 se
2044 1493 2142 1535 for-

352 1560 489 1598 mant
522 1551 704 1596 sed-ex
726 1551 939 1609 perfecto
958 1550 1190 1594 secundo:
1222 1549 1390 1610 γονάς,
1422 1548 1581 1610 laycis,
1615 1549 1785 1608 νομάς,
1818 1550 1986 1604 nonde,
2021 1568 2142 1597 σπο-

352 1614 466 1672 ρᾶς,
501 1611 746 1670 στροφάς,
782 1611 962 1669 φοράς,
990 1610 1199 1668 φορβοίς.
1240 1634 1303 1644 —
1340 1611 1381 1654 A
1415 1611 1729 1655 circumflexis
1770 1610 1894 1670 (IV)
1933 1610 2140 1670 βληχάς,

352 1672 532 1735 διψάς,
568 1672 769 1730 λιχμοῖς,
803 1669 1017 1725 usvanig,
1053 1670 1232 1729 σοβάς,
1268 1670 1469 1729 qma-de,
1511 1685 1711 1730 quorum
1743 1673 1972 1729 pleraque
2002 1687 2143 1730 paro-

349 1737 512 1793 nymis
545 1734 852 1778 adnumerari
882 1740 1098 1791 possunt.
1163 1732 1297 1776 Haec
1335 1739 1494 1776 autem
1543 1733 1708 1777 omnia
1743 1745 1887 1792 saepe
1931 1740 1979 1776 et
2003 1743 2143 1791 prae-

347 1795 674 1856 positionibus
707 1795 960 1850 subjuncta
1000 1794 1327 1850 reperiuntur,
1365 1792 1615 1849 ἀμβολᾶς,
1657 1792 1888 1848 ἐκβολάς)
1910 1795 2143 1851 ’καταβο-

351 1858 450 1911 λοές,
480 1854 708 1904 κατειλάς
739 1869 776 1900 s.
802 1852 1048 1903 κατουλοίς
1065 1855 1113 1910 ⁴)
1147 1851 1334 1908 ἐξοχάς,
1370 1851 1636 1912 συνορμοίς,
1669 1851 1911 1912 dammis,
1946 1852 2144 1914 συμφυ-

444 2007 516 2052 ,«2)
544 2003 816 2044 Numerorum
843 2009 967 2040 notae
993 2012 1073 2050 quo
1104 2007 1306 2050 spectent,
1331 1999 1543 2050 apparebit
1568 2007 1725 2050 postea.

477 2058 524 2103 3)
552 2055 707 2093 Eodem
743 2053 952 2101 pertinere
985 2051 1178 2088 videntur
1210 2048 1406 2099 βαλλάδες
1439 2052 1470 2090 ἰ.
1497 2063 1533 2089 e.
1559 2048 1789 2103 napaxbtat
1821 2062 1860 2088 v.
1886 2050 2061 2090 Salmas.
2088 2054 2139 2091 ad

346 2104 518 2157 Vopisc.
546 2104 689 2145 Carin.
715 2114 750 2141 c.
778 2099 902 2141 XXI.
930 2102 1019 2141 865.
1047 2109 1088 2140 et
1120 2097 1298 2154 κειράδες
1333 2102 1373 2141 οἱ
1405 2102 1637 2154 κεκαρμένοι
1670 2109 1716 2140 ut
1741 2109 1925 2142 veterum
1952 2102 2141 2143 nonnulli

348 2165 596 2207 acceperunt
620 2169 660 2194 v.
685 2153 954 2192 'Schleusnen
980 2151 1111 2190 Thes.
1135 2163 1172 2189 s.
1196 2152 1236 2192 h.
1263 2165 1301 2191 v.

473 2208 514 2255 4)
545 2200 771 2248 Κατειλάς,
807 2201 915 2256 quod
948 2200 1178 2239 Ellendtius
1202 2202 1307 2241 Lex.
1334 2199 1461 2251 Soph.
1488 2200 1523 2240 1.
1549 2202 1644 2246 94⁰0.
1676 2198 1836 2240 dubitat
1867 2211 1920 2238 an
1947 2213 2140 2253 graecum

347 2260 432 2296 ison
467 2258 546 2306 sit,
593 2253 811 2296 confirmat
845 2252 977 2291 codex
1009 2251 1191 2302 Hesych.
1234 2264 1259 2290 a
1285 2251 1459 2291 Maturo
1496 2249 1767 2306 interpolatus
1799 2251 1970 2300 ipsaque
2009 2254 2141 2292 series

345 2307 563 2346 literarum
590 2313 632 2344 et
657 2304 785 2365 affine
810 2298 1031 2363 περιειλῖἄς,
1065 2301 1212 2363 quibus
1240 2300 1739 2362 omnibuslconvolutu'm,
1773 2301 1972 2351 spis-um,
2004 2303 2141 2365 ‚signi-

347 2356 519 2407 ficatum
545 2356 654 2397 unde
679 2354 806 2399 Εὶλας
829 2366 972 2400 numen,
999 2365 1183 2400 σκοτεινη
1210 2351 1313 2395 Hes.
1339 2361 1379 2393 et
1403 2352 1477 2400 νυξ
1499 2350 1701 2397 κατουλας
1728 2358 1788 2398 et,
1821 2358 1937 2401 puto,
1971 2352 2093 2399 ουλας
2111 2352 2140 2400 ἡ
